@article{kelley2004pathblast,
  title={PathBLAST: a tool for alignment of protein interaction networks},
  author={Kelley, Brian P and Yuan, Bingbing and Lewitter, Fran and Sharan, Roded and Stockwell, Brent R and Ideker, Trey},
  journal={Nucleic acids research},
  volume={32},
  number={suppl 2},
  pages={W83--W88},
  year={2004},
  publisher={Oxford Univ Press}
}
@article{sharan2005conserved,
  title={Conserved patterns of protein interaction in multiple species},
  author={Sharan, Roded and Suthram, Silpa and Kelley, Ryan M and Kuhn, Tanja and McCuine, Scott and Uetz, Peter and Sittler, Taylor and Karp, Richard M and Ideker, Trey},
  journal={Proceedings of the National Academy of Sciences of the United States of America},
  volume={102},
  number={6},
  pages={1974--1979},
  year={2005},
  publisher={National Acad Sciences}
}
@article{liang2006netalign,
  title={NetAlign: a web-based tool for comparison of protein interaction networks},
  author={Liang, Zhi and Xu, Meng and Teng, Maikun and Niu, Liwen},
  journal={Bioinformatics},
  volume={22},
  number={17},
  pages={2175--2177},
  year={2006},
  publisher={Oxford Univ Press}
}
@article{koyuturk2006pairwise,
  title={Pairwise alignment of protein interaction networks},
  author={Koyut{\"u}rk, Mehmet and Kim, Yohan and Topkara, Umut and Subramaniam, Shankar and Szpankowski, Wojciech and Grama, Ananth},
  journal={Journal of Computational Biology},
  volume={13},
  number={2},
  pages={182--199},
  year={2006},
  publisher={Mary Ann Liebert, Inc. 2 Madison Avenue Larchmont, NY 10538 USA}
}
@article{singh2008global,
  title={Global alignment of multiple protein interaction networks with application to functional orthology detection},
  author={Singh, Rohit and Xu, Jinbo and Berger, Bonnie},
  journal={Proceedings of the National Academy of Sciences},
  volume={105},
  number={35},
  pages={12763--12768},
  year={2008},
  publisher={National Acad Sciences}
}
@article{liao2009isorankn,
  title={IsoRankN: spectral methods for global alignment of multiple protein networks},
  author={Liao, Chung-Shou and Lu, Kanghao and Baym, Michael and Singh, Rohit and Berger, Bonnie},
  journal={Bioinformatics},
  volume={25},
  number={12},
  pages={i253--i258},
  year={2009},
  publisher={Oxford Univ Press}
}
@article{kuchaiev2011integrative,
  title={Integrative network alignment reveals large regions of global network similarity in yeast and human},
  author={Kuchaiev, Oleksii and Pr{\v{z}}ulj, Nata{\v{s}}a},
  journal={Bioinformatics},
  volume={27},
  number={10},
  pages={1390--1396},
  year={2011},
  publisher={Oxford Univ Press}
}
@article{malod2015graal,
  title={L-GRAAL: Lagrangian graphlet-based network aligner},
  author={Malod-Dognin, No{\"e}l and Pr{\v{z}}ulj, Nata{\v{s}}a},
  journal={Bioinformatics},
  pages={btv130},
  year={2015},
  publisher={Oxford Univ Press}
}
@article{kuchaiev2010topological,
  title={Topological network alignment uncovers biological function and phylogeny},
  author={Kuchaiev, Oleksii and Milenkovi{\'c}, Tijana and Memi{\v{s}}evi{\'c}, Vesna and Hayes, Wayne and Pr{\v{z}}ulj, Nata{\v{s}}a},
  journal={Journal of the Royal Society Interface},
  pages={rsif20100063},
  year={2010},
  publisher={The Royal Society}
}
@article{memivsevic2012c,
  title={C-GRAAL: C ommon-neighbors-based global GRA ph AL ignment of biological networks},
  author={Memi{\v{s}}evi{\'c}, Vesna and Pr{\v{z}}ulj, Nata{\v{s}}a},
  journal={Integrative Biology},
  volume={4},
  number={7},
  pages={734--743},
  year={2012},
  publisher={Royal Society of Chemistry}
}
@article{saraph2014magna,
  title={MAGNA: maximizing accuracy in global network alignment},
  author={Saraph, Vikram and Milenkovi{\'c}, Tijana},
  journal={Bioinformatics},
  volume={30},
  number={20},
  pages={2931--2940},
  year={2014},
  publisher={Oxford Univ Press}
}
@article{vijayan2015magna++,
  title={MAGNA++: Maximizing Accuracy in Global Network Alignment via both node and edge conservation},
  author={Vijayan, V and Saraph, Vikram and Milenkovi{\'c}, T},
  journal={Bioinformatics},
  pages={btv161},
  year={2015},
  publisher={Oxford Univ Press}
}
@article{aladaug2013spinal,
  title={SPINAL: scalable protein interaction network alignment},
  author={Alada{\u{g}}, Ahmet E and Erten, Cesim},
  journal={Bioinformatics},
  volume={29},
  number={7},
  pages={917--924},
  year={2013},
  publisher={Oxford Univ Press}
}
@article{kazemi2016proper,
  title={PROPER: global protein interaction network alignment through percolation matching},
  author={Kazemi, Ehsan and Hassani, Hamed and Grossglauser, Matthias and Modarres, Hassan Pezeshgi},
  journal={BMC bioinformatics},
  volume={17},
  number={1},
  pages={527},
  year={2016},
  publisher={BioMed Central}
}
@article{chen2014identifying,
  title={Identifying protein complexes and functional modulesâ€”from static PPI networks to dynamic PPI networks},
  author={Chen, Bolin and Fan, Weiwei and Liu, Juan and Wu, Fang-Xiang},
  journal={Briefings in bioinformatics},
  volume={15},
  number={2},
  pages={177--194},
  year={2014},
  publisher={Oxford Univ Press}
}
@article{wang2013construction,
  title={Construction and application of dynamic protein interaction network based on time course gene expression data},
  author={Wang, Jianxin and Peng, Xiaoqing and Li, Min and Pan, Yi},
  journal={Proteomics},
  volume={13},
  number={2},
  pages={301--312},
  year={2013},
  publisher={Wiley Online Library}
}
@article{zhang2016method,
  title={A method for predicting protein complex in dynamic PPI networks},
  author={Zhang, Yijia and Lin, Hongfei and Yang, Zhihao and Wang, Jian and Liu, Yiwei and Sang, Shengtian},
  journal={BMC bioinformatics},
  volume={17},
  number={7},
  pages={229},
  year={2016},
  publisher={BioMed Central}
}
@article{park2011isobase,
  title={IsoBase: a database of functionally related proteins across PPI networks},
  author={Park, Daniel and Singh, Rohit and Baym, Michael and Liao, Chung-Shou and Berger, Bonnie},
  journal={Nucleic acids research},
  volume={39},
  number={suppl 1},
  pages={D295--D300},
  year={2011},
  publisher={Oxford Univ Press}
}
@article{zhang2016construction,
  title={Construction of dynamic probabilistic protein interaction networks for protein complex identification},
  author={Zhang, Yijia and Lin, Hongfei and Yang, Zhihao and Wang, Jian},
  journal={BMC bioinformatics},
  volume={17},
  number={1},
  pages={186},
  year={2016},
  publisher={BioMed Central}
}
@article{altschul1990basic,
  title={Basic local alignment search tool},
  author={Altschul, Stephen F and Gish, Warren and Miller, Webb and Myers, Eugene W and Lipman, David J},
  journal={Journal of molecular biology},
  volume={215},
  number={3},
  pages={403--410},
  year={1990},
  publisher={Elsevier}
}
